@article{MinkowskiFailure,
author = {Seshadrinathan, Kalpana and Pappas, Thrasyvoulos and Safranek, Robert and Chen, Junqing and Wang, Zhou and Sheikh, Hamid and Bovik, Alan},
year = {2009},
pages = {553-595},
title = {Image Quality Assessment},
journal = {The Essential Guide to Image Processing},
}

@article{MoreMedicalDistortion,
author = {Stepien, Igor and Oszust, Mariusz},
title = {A Brief Survey on No-Reference Image Quality Assessment Methods for Magnetic Resonance Images},
journal = {Journal of Imaging},
volume = {8},
year = {2022},
number = {6},
}

@article{Slicer3D,
title = {3D Slicer as an image computing platform for the Quantitative Imaging Network},
journal = {Magnetic Resonance Imaging},
volume = {30},
number = {9},
pages = {1323-1341},
year = {2012},
author = {Andriy Fedorov and Reinhard Beichel and Jayashree Kalpathy-Cramer and Julien Finet and Jean-Christophe Fillion-Robin and Sonia Pujol and Christian Bauer and Dominique Jennings and Fiona Fennessy and Milan Sonka and John Buatti and Stephen Aylward and James V. Miller and Steve Pieper and Ron Kikinis},
}

@article{BRISQUEExample,
author = {Rafiq, Maimoona and Bajwa, Usama and Gilanie, Ghulam and Anwar, Waqas},
year = {2021},
month = {06},
pages = {1-17},
title = {Reconstruction of scene using corneal reflection},
volume = {80},
journal = {Multimedia Tools and Applications},
}

@article{BRISQUE,
  title    = "No-reference image quality assessment in the spatial domain",
  author   = "Mittal, Anish and Moorthy, Anush Krishna and Bovik, Alan Conrad",
  journal  = "IEEE Transactions on Image Processing (TIP)",
  volume   =  21,
  number   =  12,
  pages    = "4695--4708",
  year     =  2012,
}

@article{SurveyOf2D3DMetrics,
  author={Niu, Yuzhen and Zhong, Yini and Guo, Wenzhong and Shi, Yiqing and Chen, Peikun},
  journal={IEEE Access}, 
  title={2D and 3D Image Quality Assessment: A Survey of Metrics and Challenges}, 
  year={2019},
  volume={7},
  pages={782-801},
}

@article{SJTU,
  author = {Yang, Qian and Chen, Haichuan and Ma, Zhihua and Xu, Yue and Tang, Rui and Sun, Jian},
  title = {Predicting the Perceptual Quality of Point Cloud: A 3D-to-2D Projection-Based Exploration},
  journal = {IEEE Transactions on Multimedia},
  year = {2020},
}

@article{WPC1,
author={Liu, Qi and Su, Honglei and Duanmu, Zhengfang and Liu, Wentao and Wang, Zhou},
journal={IEEE Transactions on Visualization and Computer Graphics (TVCG)},
title={Perceptual Quality Assessment of Colored 3D Point Clouds},
year={2022},
pages={1-1},
}

@inproceedings{WPC2,
title={Perceptual quality assessment of 3D point clouds},
author={Su, Honglei and Duanmu, Zhengfang and Liu, Wentao and Liu, Qi and Wang, Zhou},
booktitle={2019 IEEE International Conference on Image Processing (ICIP)},
pages={3182--3186},
year={2019},
}

@article{ResSCNN,
      title={Point Cloud Quality Assessment: Dataset Construction and Learning-based No-Reference Metric}, 
      author={Yipeng Liu and Qi Yang and Yiling Xu and Le Yang},
      year={2022},
      eprint={2012.11895},
      archivePrefix={arXiv},
}

@article{NR3DQA,
  author={Zhang, Zicheng and Sun, Wei and Min, Xiongkuo and Wang, Tao and Lu, Wei and Zhai, Guangtao},
  journal={IEEE Transactions on Circuits and Systems for Video Technology}, 
  title={No-Reference Quality Assessment for 3D Colored Point Cloud and Mesh Models}, 
  year={2022},
  volume={32},
  number={11},
  pages={7618-7631},
}

@article{VQA-PC,
      title={Treating Point Cloud as Moving Camera Videos: A No-Reference Quality Assessment Metric}, 
      author={Zicheng Zhang and Wei Sun and Yucheng Zhu and Xiongkuo Min and Wei Wu and Ying Chen and Guangtao Zhai},
      year={2022},
      eprint={2208.14085},
      archivePrefix={arXiv},
}

@article{3DNSSMetrics,
author = {Weinmann, Martin and Jutzi, Boris and Mallet, Cl√©ment and Weinmann, Michael},
title = {Geometric Features and Their Relevance for 3D Point Cloud Classification},
volume = {IV-1/W1},
journal = {ISPRS Annals of the Photogrammetry, Remote Sensing and Spatial Information Sciences},
}

@article{EnsemblePCQA,
title = {No-reference mesh visual quality assessment via ensemble of convolutional neural networks and compact multi-linear pooling},
journal = {Pattern Recognition},
volume = {100},
pages = {107174},
year = {2020},
author = {Ilyass Abouelaziz and Aladine Chetouani and Mohammed {El Hassouni} and Longin Jan Latecki and Hocine Cherifi},
}
